


@online{espressif-website-esp-idf,
    author    = "Espressif Programing Guide",
    title     = "ESP-IDF Get Started",
    url       = "https://docs.espressif.com/projects/esp-idf/en/latest/esp32/get-started/index.html",
    keywords  = "latex,knuth"
}

@online{latam-mining-robot-minero-unsj,
    author    = "Latam Mining",
    title     = "Robots y minería: Gobierno argentino quiere implementarlos",
    url       = "https://www.latam-mining.com/robots-y-mineria-gobierno-argentino-quiere-implementarlos/",
    keywords  = "latex,knuth"
}

@online{diario-de-cuyo-prototipo-robotico,
    author    = "Diario de Cuyo",
    title     = "Gobierno pone la mira en el desarrollo de robots para la actividad minera",
    url       = "https://www.diariodecuyo.com.ar/politica/Gobierno-pone-la-mira-en-el-desarrollo-de-robots-para-la-actividad-minera-20200202-0052.html",
    keywords  = "latex,knuth"
}

@online{comunicacion-unsj-prototipo-convenio,
    author    = "Universidad Nacional de San Juan",
    title     = "Robots en la minería",
    url       = "http://www.unsj.edu.ar/home/noticias_detalles/4810/1",
    keywords  = "latex,knuth"
}



@online{geobot,
    author    = "Ing. Nelson Dario García Hurtado e Ing. Melvin Andrés González Pino",
    title     = "Robot de exploración terrestre Geobot",
    url       = "https://www.unipamplona.edu.co/unipamplona/portalIG/home_40/recursos/01_general/revista_1/09102011/v01_09.pdf",
    keywords  = "latex,knuth"
}

@online{min-sis,
    author    = "Ing. Hernán L. Helguero Velásquez1 e Ing. Rubén Medinaceli Tórrez",
    title     = "Robot Minero: Sistema Detector de Gases utilizando Sensores en Tiempo Real MIN – SIS 1.0 SDG-STR",
    url       = "http://www.scielo.org.bo/scielo.php?script=sci_arttext&pid=S2519-53522020000100003",
    keywords  = "latex,knuth"
}

@online{spot,
    author    = "Boston Dynamics",
    title     = "Spot",
    url       = "https://www.bostondynamics.com/products/spot",
    keywords  = "latex,knuth"
}

@online{bike_inspection,
    author    = "Waygate Technologies",
    title     = "BIKE - An advanced crawler robot for remote visual inspection",
    url       = "https://www.bakerhughes.com/waygate-technologies/robotic-inspection/bike",
    keywords  = "latex,knuth"
}

@online{ESP32_wroom_32d_datasheet,
    author    = "Espressif",
    title     = "ESP32-WROOM-32D Datasheet",
    url       = "https://www.espressif.com/sites/default/files/documentation/esp32-wroom-32d_esp32-wroom-32u_datasheet_en.pdf",
    keywords  = "latex,knuth"
}

@online{ESP32,
    author    = "Espressif",
    title     = "ESP32",
    url       = "https://www.espressif.com/en/products/socs/esp32",
    keywords  = "latex,knuth"
}

@online{DHT11_datasheet,
    author    = "Mouser",
    title     = "DHT11 datasheet",
    url       = "https://www.mouser.com/datasheet/2/758/DHT11-Technical-Data-Sheet-Translated-Version-1143054.pdf",
    keywords  = "latex,knuth"
}

@online{BMP280_datasheet,
    author    = "Bosch",
    title     = "BMP280 datasheet",
    url       = "https://cdn-shop.adafruit.com/datasheets/BST-BMP280-DS001-11.pdf",
    keywords  = "latex,knuth"
}


@online{analog_joystick_datasheet,
    author    = "Handson Technology",
    title     = "PS2 Joy Stick for Arduino/Raspberry",
    url       = "http://www.handsontec.com/dataspecs/accessory/PS2-Joystick.pdf",
    keywords  = "latex,knuth"
}

@online{LCM1602A_datasheet,
    author    = "Handson Technology",
    title     = "I2C Serial Interface 1602 LCD Module",
    url       = "http://www.handsontec.com/dataspecs/module/I2C_1602_LCD.pdf",
    keywords  = "latex,knuth"
}

@online{ESPIDF_home,
    author    = "Espressif",
    title     = "ESP-IDF Programming Guide | Get Started",
    url       = "https://docs.espressif.com/projects/esp-idf/en/latest/esp32/get-started/",
    keywords  = "latex,knuth"
}

@online{dc_motor_datasheet,
    author    = "Adafruit",
    title     = "DC Gearbox Motor - TT Motor -200RPM - 3 to 6VDC",
    url       = "https://media.digikey.com/pdf/Data%20Sheets/Adafruit%20PDFs/3777_Web.pdf",
    keywords  = "latex,knuth"
}

@online{vscode_website,
    author    = "Visualstudio",
    title     = "Visualstudio Code",
    url       = "https://code.visualstudio.com/",
    keywords  = "latex,knuth"
}

@online{ninja_website,
    author    = "CMake",
    title     = "Ninja",
    url       = "https://cmake.org/cmake/help/latest/generator/Ninja.html",
    keywords  = "latex,knuth"
}

@online{cmake_website,
    author    = "CMake",
    title     = "CMake",
    url       = "https://cmake.org/",
    keywords  = "latex,knuth"
}

@online{docker_website,
    author    = "Docker",
    title     = "Docker",
    url       = "https://docker.com/",
    keywords  = "latex,knuth"
}

@online{ubuntu_website,
    author    = "Ubuntu",
    title     = "Ubuntu",
    url       = "https://ubuntu.com/",
    keywords  = "latex,knuth"
}

@online{esp_idf_lib_website,
    author    = "Readthedocs by Ruslan V. Uss",
    title     = "ESP-IDF Components library",
    url       = "https://esp-idf-lib.readthedocs.io/en/latest/",
    keywords  = "latex,knuth"
}

@online{ESP32_adc,
    author    = "Espressif",
    title     = "Analog to Digital Converter (ADC)",
    url       = "https://docs.espressif.com/projects/esp-idf/en/v4.4/esp32/api-reference/peripherals/adc.html",
    keywords  = "latex,knuth"
}

@online{ESP32_Components_Lib,
    author    = "UncleRus",
    title     = "ESP-IDF Components Library",
    url       = "https://github.com/UncleRus/esp-idf-lib",
    keywords  = "latex,knuth"
}


@online{ESP32_WiFi,
    author    = "Espressif",
    title     = "ESP-IDF WiFi",
    url       = "https://docs.espressif.com/projects/esp-idf/en/stable/esp32/api-guides/wifi.html",
    keywords  = "latex,knuth"
}

@online{ESP32_WiFi_Example,
    author    = "Espressif",
    title     = "ESP-IDF WiFi Sample Code",
    url       = "https://github.com/espressif/esp-idf/tree/v5.2.1/examples/wifi/getting_started/softAP",
    keywords  = "latex,knuth"
}


@online{Espressif_docker_image,
    author    = "Espressif",
    title     = "Espressif Docker Image",
    url       = "https://docs.espressif.com/projects/esp-idf/en/stable/esp32/api-guides/tools/idf-docker-image.html",
    keywords  = "latex,knuth"
}



@online{Robot_Tecnical_doc,
    author    = "Gonzalo Carreno",
    title     = "Robot de exploracion ambiental - Documentacion Tecnica",
    url       = "https://github.com/kronleuchter85/cese_proyecto_especializacion/blob/main/docs/Documentacion-Tecnica.pdf",
    keywords  = "latex,knuth"
}


@online{Robot_User_manual,
    author    = "Gonzalo Carreno",
    title     = "Robot de exploracion ambiental - Manual de usuario",
    url       = "https://github.com/kronleuchter85/cese_proyecto_especializacion/blob/main/docs/Manual-De-Usuario-vFinal.pdf",
    keywords  = "latex,knuth"
}

